<record><leader>00000cas a22000007a 4500</leader><controlfield tag="001">48513307</controlfield><controlfield tag="008">011130d1972197ucaumr ne      0    0eng d</controlfield><controlfield tag="009">14485</controlfield><datafield ind1=" " ind2=" " tag="010"><subfield code="a">sn2001060546</subfield></datafield><datafield ind1=" " ind2=" " tag="040"><subfield code="a">CNK</subfield><subfield code="b">eng</subfield><subfield code="c">CNK</subfield></datafield><datafield ind1="1" ind2=" " tag="029"><subfield code="a">AU@</subfield><subfield code="b">000023222620</subfield></datafield><datafield ind1=" " ind2=" " tag="042"><subfield code="a">msc</subfield></datafield><datafield ind1="0" ind2=" " tag="130"><subfield code="a">Canyon news (Silverado, Calif.)</subfield></datafield><datafield ind1="0" ind2="0" tag="245"><subfield code="a">Canyon news.</subfield></datafield><datafield ind1=" " ind2=" " tag="260"><subfield code="a">Silverado, Calif. :</subfield><subfield code="b">Silverado &amp; Modjeska Community League,</subfield></datafield><datafield ind1=" " ind2=" " tag="300"><subfield code="a">v.</subfield></datafield><datafield ind1=" " ind2=" " tag="310"><subfield code="a">Monthly</subfield></datafield><datafield ind1="0" ind2=" " tag="362"><subfield code="a">No. 28 (June/July [1972])-</subfield></datafield><datafield ind1=" " ind2=" " tag="500"><subfield code="a">"Silverado-Modjeska-Trabuco."</subfield></datafield><datafield ind1=" " ind2="4" tag="651"><subfield code="a">Silverado (Calif.)</subfield><subfield code="v">Newspapers.</subfield></datafield><datafield ind1=" " ind2=" " tag="752"><subfield code="a">United States</subfield><subfield code="b">California</subfield><subfield code="c">Orange</subfield><subfield code="d">Silverado.</subfield></datafield><datafield ind1="0" ind2="0" tag="780"><subfield code="t">Silverado and Modjeska community league letter</subfield><subfield code="w">(DLC)sn2001060545</subfield></datafield></record>